@misc{ctms_engin_umich_SystemModeling,
    author = {University of Michigan, Carnegie Mellon, Detroit Mercy},
    url = {https://ctms.engin.umich.edu/CTMS/index.php?example=Introduction&section=SystemModeling},
    title = {Introduction: System Modeling},
}

@misc{brown_forcedVibration, 
    author = {Brown University School of Engineering},
    url={https://www.brown.edu/Departments/Engineering/Courses/En4/Notes/vibrations_forced/vibrations_forced.htm}, 
    title={Dynamics and Vibrations: Notes: Forced Vibrations},
}

@misc{paulsOnline_MechanicalVibrations, 
    author = {Paul Dawkins},
    url={https://tutorial.math.lamar.edu/classes/de/Vibrations.aspx}, 
    title={Section 3-11 : Mechanical Vibrations},
}

@misc{theRoboticsLab_MassSpringDamperSystem, 
    author = {The Robotics Lab},
    url={http://www.roboticslab.ca/mass-spring-damper/}, 
    title={State Space Representation Of A Mass Spring Damper System},
}

@misc{ShimReStackor_SpringMassDamperSystem, 
    author = {ShimReStackor},
    url={https://www.shimrestackor.com/Physics/Spring_Mass_Damper/spring-mass-damper.htm}, 
    title={Spring-Mass-Damper Systems},
}

@misc{controlSystemAcademy_2ndOrderDynamics,
    author = {Control System Academy},
    url = {http://www.controlsystemsacademy.com/0024/0024.html},
    title = {2nd - Order Dynamics},
}

@misc{engineerOnADisk_2ndOrderDynamics,
  author       = {Engineer on a Disk},
  url = {http://www.engineeronadisk.com},
  title        = {eBook: Dynamic System Modeling and Control},
}

@misc{swarthmore_freq_response,
    author = {Erik Cheever},
    url = {https://www.sccs.swarthmore.edu/users/12/abiele1/Linear/examples/freq.html},
    title = {Linear Systems: Freqency Response of One Mass}
}

@misc{swarthmore_bode,
    author = {Erik Cheever},
    url = {https://lpsa.swarthmore.edu/Bode/BodeWhat.html},
    title = {What Bode Plots Represent: The Frequency Domain}
}

@misc{freq_response_charectorization,
    author = {Robert D. Throne},
    url = {https://www.rose-hulman.edu/class/ee/throne/CCLI/Papers/Year2/ASEE.pdf},
    title = {Frequency Domain System Identification of One, Two, and Three Degree of
Freedom Systems in an Introductory Controls Class},
}